<collection xmlns="http://www.loc.gov/MARC21/slim">
<record>
  <leader>01134nam0a22001931i 450 </leader>
  <controlfield tag="001">IT\ICCU\CNCE\065403</controlfield>
  <controlfield tag="005">20060721000000.0</controlfield>
  <datafield tag="100" ind1=" " ind2=" ">
    <subfield code="a">20060721d1571        0itac0103    ba</subfield>
  </datafield>
  <datafield tag="101" ind1=" " ind2=" ">
    <subfield code="a">LAT</subfield>
  </datafield>
  <datafield tag="102" ind1=" " ind2=" ">
    <subfield code="a">IT</subfield>
  </datafield>
  <datafield tag="200" ind1="1" ind2=" ">
    <subfield code="a">De balneis Calderii, in agro Veronensi (olim Gauderi dictis Iunoni sacris) eorumque antiquitate, ac multiplici virtute: doctorum omnium qui hucisque de ipsis scripserunt documentis; Monopanton. D. Ventura Minardo Athesino, monacho Camalulense authore. Addito etiam compendio eiusdem, vernacula lingua, rudibus balnea ipsa pesentibus,</subfield>
  </datafield>
  <datafield tag="210" ind1=" " ind2=" ">
    <subfield code="a">Venezia</subfield>
    <subfield code="d">1571</subfield>
    <subfield code="e">Venetiis</subfield>
    <subfield code="g">ad instantiam Alexandri F. Thomae de Salodijs ad signum nauis</subfield>
  </datafield>
  <datafield tag="215" ind1=" " ind2=" ">
    <subfield code="a">2 pt. (136 c.; +)</subfield>
    <subfield code="d">8? (16 cm)</subfield>
  </datafield>
  <datafield tag="300" ind1=" " ind2=" ">
    <subfield code="a">Mutilo della pt.2. -  Cors. ; rom. -  Segn.: A-S8. -  Iniziali e fregi xil. -  Dedicatoria dell&apos;A. Leonardo de BandisANNULLATA, PERCHE&apos; UGUALE A CNC: 30653!!</subfield>
  </datafield>
  <datafield tag="620" ind1=" " ind2=" ">
    <subfield code="a">IT</subfield>
    <subfield code="d">Venezia</subfield>
  </datafield>
  <datafield tag="712" ind1="0" ind2="2">
    <subfield code="a"></subfield>
    <subfield code="3">IT\ICCU\CNCT\002627</subfield>
    <subfield code="4">650</subfield>
  </datafield>
  <datafield tag="791" ind1="0" ind2="0">
    <subfield code="a">Sal,̣  Alessandro da</subfield>
    <subfield code="3">IT\ICCU\CNCT\003458</subfield>
    <subfield code="z"></subfield>
  </datafield>
  <datafield tag="791" ind1="0" ind2="0">
    <subfield code="a">Salodijs, Alexander de</subfield>
    <subfield code="3">IT\ICCU\CNCT\004279</subfield>
    <subfield code="z"></subfield>
  </datafield>
  <datafield tag="801" ind1=" " ind2="3">
    <subfield code="a">IT</subfield>
    <subfield code="b">ICCU</subfield>
    <subfield code="c">20201115</subfield>
  </datafield>
</record>
</collection>
